
@misc{tabaraei2024github,
  author = {Ali Tabaraei},
  title = {Kernelized Linear Classification},
  howpublished = {\url{https://github.com/tabaraei/Kernelized-Linear-Classification}},
  year = {2024}
}

@misc{dataset,
  author = {Nicol√≤ Cesa-Bianchi},
  title = {Dataset for Kernelized Linear Classification Project},
  year = {2024},
  url = {https://drive.google.com/file/d/1HeP6uwyG3oMcJnViG4yCMmzmSeTa1mko},
}

@inproceedings{shalev2007pegasos,
  title={Pegasos: Primal estimated sub-gradient solver for svm},
  author={Shalev-Shwartz, Shai and Singer, Yoram and Srebro, Nathan},
  booktitle={Proceedings of the 24th international conference on Machine learning},
  pages={807--814},
  year={2007}
}


